@article{DBLP:journals/algorithmica/DujmovicW04,
  author       = {Vida Dujmovic and
                  Sue Whitesides},
  title        = {An Efficient Fixed Parameter Tractable Algorithm for 1-Sided Crossing
                  Minimization},
  journal      = {Algorithmica},
  volume       = {40},
  number       = {1},
  pages        = {15--31},
  year         = {2004},
  url          = {https://doi.org/10.1007/s00453-004-1093-2},
  doi          = {10.1007/S00453-004-1093-2},
  timestamp    = {Wed, 17 May 2017 14:25:15 +0200},
  biburl       = {https://dblp.org/rec/journals/algorithmica/DujmovicW04.bib},
  bibsource    = {dblp computer science bibliography, https://dblp.org}
}

@book{bellman1958combinatorial,
  title={Combinatorial processes and dynamic programming},
  author={Bellman, Richard},
  year={1958},
  publisher={Rand Corporation}
}

@inproceedings{DBLP:conf/acm/HeldK61,
  author       = {Michael Held and
                  Richard M. Karp},
  editor       = {Thomas C. Rowan},
  title        = {A dynamic programming approach to sequencing problems},
  booktitle    = {Proceedings of the 16th {ACM} national meeting, {ACM} 1961, {USA}},
  pages        = {71},
  publisher    = {{ACM}},
  year         = {1961},
  url          = {https://doi.org/10.1145/800029.808532},
  doi          = {10.1145/800029.808532},
  timestamp    = {Wed, 21 Apr 2021 15:31:15 +0200},
  biburl       = {https://dblp.org/rec/conf/acm/HeldK61.bib},
  bibsource    = {dblp computer science bibliography, https://dblp.org}
}